;; date: 2016-02-07
;; info: {"filename": "<testdata>/166-7926740-5141621.html", "type": "text/html"}

; features: [
;             {
;               "amount": "1.13 USD",
;               "date": "2016-02-07",
;               "key_value_pairs": {
;                 "amazon_item_description": [
;                   "Casio Men's W916-8AV Alarm Chronograph Watch, classic"
;                 ]
;               },
;               "source_account": ""
;             }
;           ]
2016-02-07 * "Amazon.com" "Order"
  amazon_account: "name@domain.com"
  amazon_order_id: "166-7926740-5141621"
  associated_data0: "{\"description\": \"Amazon order invoice\", \"meta\": [\"amazon_order_id\", \"166-7926740-5141621\"], \"path\": \"<testdata>/166-7926740-5141621.html\", \"type\": \"text/html\"}"
  Expenses:FIXME:A          11.87 USD
    amazon_item_condition: "New"
    amazon_item_description: "Casio Men's W916-8AV Alarm Chronograph Watch, classic"
    amazon_item_quantity: 1
    amazon_seller: "Amazon.com LLC"
    shipped_date: 2016-02-08
  Expenses:FIXME:A           1.13 USD
    amazon_invoice_description: "Sales Tax"
  Income:Amazon:Cashback    -1.06 USD
    amazon_posttax_adjustment: "Rewards Points"
  Liabilities:Credit-Card  -11.94 USD
    amazon_credit_card_description: "Amazon.com Visa Signature ending in 1234"
    transaction_date: 2016-02-08

;; date: 2016-06-30
;; info: {"filename": "<testdata>/D56-5204779-4181560.html", "type": "text/html"}

; features: [
;             {
;               "amount": "14.99 USD",
;               "date": "2016-06-30",
;               "key_value_pairs": {
;                 "amazon_item_description": [
;                   "Case for Mars"
;                 ]
;               },
;               "source_account": ""
;             }
;           ]
2016-06-30 * "Amazon.com" "Order"
  amazon_account: "name@domain.com"
  amazon_order_id: "D56-5204779-4181560"
  associated_data0: "{\"description\": \"Amazon order invoice\", \"meta\": [\"amazon_order_id\", \"D56-5204779-4181560\"], \"path\": \"<testdata>/D56-5204779-4181560.html\", \"type\": \"text/html\"}"
  Expenses:FIXME:A          14.99 USD
    amazon_item_by: "Robert Zubrin, Arthur C. Clarke, Richard Wagner"
    amazon_item_description: "Case for Mars"
    amazon_item_url: "https://www.amazon.com/dp/B004G8QU6U/ref=docs-os-doi_0"
    amazon_seller: "Simon and Schuster Digital Sales Inc"
  Liabilities:Credit-Card  -14.99 USD
    amazon_credit_card_description: "VISA ending in 1234"
    transaction_date: 2016-06-30

;; date: 2019-09-12
;; info: {"filename": "<testdata>/381-3642728-6932366.html", "type": "text/html"}

; features: [
;             {
;               "amount": "8.44 USD",
;               "date": "2019-09-12",
;               "key_value_pairs": {
;                 "amazon_item_description": [
;                   "Citizen CTO Silver Dial Leather Strap Men's Watch BM2873-93A"
;                 ]
;               },
;               "source_account": ""
;             }
;           ]
2019-09-12 * "Amazon.com" "Order"
  amazon_account: "name@domain.com"
  amazon_order_id: "381-3642728-6932366"
  associated_data0: "{\"description\": \"Amazon order invoice\", \"meta\": [\"amazon_order_id\", \"381-3642728-6932366\"], \"path\": \"<testdata>/381-3642728-6932366.html\", \"type\": \"text/html\"}"
  Expenses:FIXME:A           91.25 USD
    amazon_item_condition: "New"
    amazon_item_description: "Citizen CTO Silver Dial Leather Strap Men's Watch BM2873-93A"
    amazon_item_quantity: 1
    amazon_seller: "Princeton Watches"
    shipped_date: 2019-09-13
  Expenses:FIXME:A            8.44 USD
    amazon_invoice_description: "Sales Tax"
  Assets:Gift-Cards:Amazon  -36.37 USD
    amazon_posttax_adjustment: "Gift Card Amount"
  Liabilities:Credit-Card   -63.32 USD
    amazon_credit_card_description: "Visa ending in 1234"
    transaction_date: 2019-09-13

;; date: 2019-09-18
;; info: {"filename": "<testdata>/511-1525861-4349605.html", "type": "text/html"}

; features: [
;             {
;               "amount": "26.99 USD",
;               "date": "2019-09-18",
;               "key_value_pairs": {
;                 "amazon_item_description": [
;                   "DLGJPA Men's Quick Drying Water Shoes for Beach or Water Sports Lightweight Slip On Walking Shoes"
;                 ]
;               },
;               "source_account": ""
;             },
;             {
;               "amount": "12.89 USD",
;               "date": "2019-09-18",
;               "key_value_pairs": {
;                 "amazon_item_description": [
;                   "Aeromax Jr. Astronaut Backpack, White, with NASA patches",
;                   "2 Pairs Alien Glasses Silver Glasses with Rainbow Color Lens and 2 Pieces Martian Antenna Headband Boppers for Halloween Adults and Kids Party Favors"
;                 ]
;               },
;               "source_account": ""
;             },
;             null
;           ]
2019-09-18 * "Amazon.com" "Order"
  amazon_account: "name@domain.com"
  amazon_order_id: "511-1525861-4349605"
  associated_data0: "{\"description\": \"Amazon order invoice\", \"meta\": [\"amazon_order_id\", \"511-1525861-4349605\"], \"path\": \"<testdata>/511-1525861-4349605.html\", \"type\": \"text/html\"}"
  Expenses:FIXME:A           26.99 USD
    amazon_item_condition: "New"
    amazon_item_description: "DLGJPA Men's Quick Drying Water Shoes for Beach or Water Sports Lightweight Slip On Walking Shoes"
    amazon_item_quantity: 1
    amazon_seller: "Bo Bao"
    shipped_date: 2019-09-18
  Expenses:FIXME:B           26.85 USD
    amazon_item_condition: "New"
    amazon_item_description: "Aeromax Jr. Astronaut Backpack, White, with NASA patches"
    amazon_item_quantity: 1
    amazon_seller: "Amazon.com Services, Inc"
    shipped_date: 2019-09-19
  Expenses:FIXME:B           12.89 USD
    amazon_item_condition: "New"
    amazon_item_description: "2 Pairs Alien Glasses Silver Glasses with Rainbow Color Lens and 2 Pieces Martian Antenna Headband Boppers for Halloween Adults and Kids Party Favors"
    amazon_item_quantity: 1
    amazon_seller: "Wrestler Case"
    shipped_date: 2019-09-19
  Expenses:FIXME              2.48 USD
    amazon_invoice_description: "Sales Tax"
  Assets:Gift-Cards:Amazon  -69.21 USD
    amazon_posttax_adjustment: "Gift Card Amount"
  Liabilities:Credit-Card     0.00 USD
    amazon_credit_card_description: "Amazon.com Visa Signature ending in 1234"
    transaction_date: 2019-09-18

;; date: 2020-09-01
;; info: {"filename": "<testdata>/114-4993473-6978631.html", "type": "text/html"}

; features: [
;             {
;               "amount": "1.29 USD",
;               "date": "2020-09-01",
;               "key_value_pairs": {
;                 "amazon_item_description": [
;                   "Broccoli Crowns Conventional, 1 Each",
;                   "Pork Sausage Link Italian Mild Step 1",
;                   "Yellow Squash",
;                   "Banana Conventional, 1 Each",
;                   "Peach Tree Ripe Organic, 1 Each"
;                 ]
;               },
;               "source_account": ""
;             },
;             {
;               "amount": "5.00 USD",
;               "date": "2020-09-01",
;               "key_value_pairs": {
;                 "amazon_posttax_adjustment": [
;                   "Tip (optional)"
;                 ]
;               },
;               "source_account": ""
;             }
;           ]
2020-09-01 * "Amazon.com" "Order"
  amazon_account: "name@domain.com"
  amazon_order_id: "114-4993473-6978631"
  associated_data0: "{\"description\": \"Amazon order invoice\", \"meta\": [\"amazon_order_id\", \"114-4993473-6978631\"], \"path\": \"<testdata>/114-4993473-6978631.html\", \"type\": \"text/html\"}"
  Expenses:FIXME:A           1.76 USD
    amazon_item_condition: "New"
    amazon_item_description: "Broccoli Crowns Conventional, 1 Each"
    amazon_item_quantity: 1
    amazon_seller: "Whole Foods Market"
    shipped_date: 2020-09-01
  Expenses:FIXME:A          14.47 USD
    amazon_item_condition: "New"
    amazon_item_description: "Pork Sausage Link Italian Mild Step 1"
    amazon_item_quantity: 1
    amazon_seller: "Whole Foods Market"
    shipped_date: 2020-09-01
  Expenses:FIXME:A           4.62 USD
    amazon_item_condition: "New"
    amazon_item_description: "Yellow Squash"
    amazon_item_quantity: 1
    amazon_seller: "Whole Foods Market"
    shipped_date: 2020-09-01
  Expenses:FIXME:A           1.89 USD
    amazon_item_condition: "New"
    amazon_item_description: "Banana Conventional, 1 Each"
    amazon_item_quantity: 1
    amazon_seller: "Whole Foods Market"
    shipped_date: 2020-09-01
  Expenses:FIXME:A           3.02 USD
    amazon_item_condition: "New"
    amazon_item_description: "Peach Tree Ripe Organic, 1 Each"
    amazon_item_quantity: 1
    amazon_seller: "Whole Foods Market"
    shipped_date: 2020-09-01
  Expenses:FIXME:A           1.29 USD
    amazon_invoice_description: "Sales Tax"
  Expenses:FIXME             5.00 USD
    amazon_posttax_adjustment: "Tip (optional)"
  Liabilities:Credit-Card   -5.00 USD
    amazon_credit_card_description: "Visa ending in 1234"
    transaction_date: 2020-09-03
  Liabilities:Credit-Card  -27.05 USD
    amazon_credit_card_description: "Visa ending in 1234"
    transaction_date: 2020-09-01

;; date: 2020-10-24
;; info: {"filename": "<testdata>/111-1120740-1860260.html", "type": "text/html"}

; features: [
;             {
;               "amount": "1.32 USD",
;               "date": "2020-10-24",
;               "key_value_pairs": {
;                 "amazon_item_description": [
;                   "Magnetic USB C Adapter 20Pins Type C Connector, Support USB PD 100W Quick Charge, 10Gb/s Data Transfer and 4K@60 Hz Video Output Compatible with MacBook Pro/Air and More Type C Devices (Grey)"
;                 ]
;               },
;               "source_account": ""
;             }
;           ]
2020-10-24 * "Amazon.com" "Order"
  amazon_account: "name@domain.com"
  amazon_order_id: "111-1120740-1860260"
  associated_data0: "{\"description\": \"Amazon order invoice\", \"meta\": [\"amazon_order_id\", \"111-1120740-1860260\"], \"path\": \"<testdata>/111-1120740-1860260.html\", \"type\": \"text/html\"}"
  Expenses:FIXME:A           24.99 USD
    amazon_item_condition: "New"
    amazon_item_description: "Magnetic USB C Adapter 20Pins Type C Connector, Support USB PD 100W Quick Charge, 10Gb/s Data Transfer and 4K@60 Hz Video Output Compatible with MacBook Pro/Air and More Type C Devices (Grey)"
    amazon_item_quantity: 1
    amazon_seller: "YDM-US"
  Expenses:FIXME:A           -3.00 USD
    amazon_invoice_description: "Your Coupon Savings"
  Expenses:FIXME:A            1.32 USD
    amazon_invoice_description: "Sales Tax"
  Assets:Gift-Cards:Amazon  -23.31 USD
    amazon_posttax_adjustment: "Gift Card Amount"
  Liabilities:Credit-Card     0.00 USD
    amazon_credit_card_description: "Amazon.com Visa Signature ending in 1234"
    transaction_date: 2020-10-24
