2017-03-23 * "Amazon.com" "Order"
  amazon_order_id: "277-5312419-9119541"
  Expenses:FIXME:A                10.80 USD
    amazon_item_condition: "New"
    amazon_item_description: "C.R. Gibson 9-Count Coloring File Folders"
    amazon_item_quantity: 1
    amazon_seller: "Amazon.com LLC"
    shipped_date: 2017-03-24
  Expenses:FIXME:A                12.60 USD
    amazon_item_condition: "New"
    amazon_item_description: "MUJI Gel Ink Ballpoint Pens 0.38mm 9-colors Pack"
    amazon_item_quantity: 1
    amazon_seller: "hidamarifarm"
    shipped_date: 2017-03-24
  Expenses:FIXME:A                16.50 USD
    amazon_item_condition: "New"
    amazon_item_description: "Cynthia Rowley File Folders, 3 Tab, 6 Folders per package, Leaves Assorted Patterns"
    amazon_item_quantity: 1
    amazon_seller: "Sherry Pappas"
    shipped_date: 2017-03-24
  Expenses:FIXME:A                 8.99 USD
    amazon_item_condition: "New"
    amazon_item_description: "V&A William Morris Garden File Folder, Galison"
    amazon_item_quantity: 1
    amazon_seller: "Amazon.com LLC"
    shipped_date: 2017-03-24
  Expenses:FIXME:A                23.95 USD
    amazon_item_condition: "New"
    amazon_item_description: "Bloom Daily Planners All In One Planner, Calendar, Notebook"
    amazon_item_quantity: 1
    amazon_seller: "bloom daily planners"
    shipped_date: 2017-03-24
  Expenses:FIXME:A                 8.99 USD
    amazon_item_condition: "New"
    amazon_item_description: "Skydue Floral Printed Accordion Document File Folder Expanding Letter Organizer (Pink)"
    amazon_item_quantity: 1
    amazon_seller: "Skydue"
    shipped_date: 2017-03-24
  Expenses:FIXME:A                 1.83 USD
    amazon_invoice_description: "Sales Tax"
  Expenses:FIXME:B                 7.99 USD
    amazon_item_condition: "New"
    amazon_item_description: "Skydue Letter A4 Paper Expanding File Folder Pockets Accordion Document Organizer (Jade)"
    amazon_item_quantity: 1
    amazon_seller: "Skydue"
    shipped_date: 2017-03-27
  Expenses:FIXME:C                14.84 USD
    amazon_item_condition: "New"
    amazon_item_description: "Design Ideas 8758616-DI 8758616-DI Cabo LetterHolder-Copper,Copper,"
    amazon_item_quantity: 1
    amazon_seller: "Quidsi Retail LLC"
    shipped_date: 2017-03-24
  Expenses:FIXME:C                 1.37 USD
    amazon_invoice_description: "Sales Tax"
  Expenses:FIXME:D                17.95 USD
    amazon_item_condition: "New"
    amazon_item_description: "Cynthia Rowley File Folders, 3 Tab, 6 folders per package, Gold Assorted Patterns"
    amazon_item_quantity: 1
    amazon_seller: "Cailler's LLC"
    shipped_date: 2017-03-25
  Expenses:FIXME:D                14.99 USD
    amazon_item_condition: "New"
    amazon_item_description: "Suncatchers Colorful Bird Stained Glass Effect Resin Mobile - Beautiful Window Hanging - Home Decoration"
    amazon_item_quantity: 1
    amazon_seller: "That Internet Shop USA"
    shipped_date: 2017-03-25
  Expenses:FIXME:D                 1.39 USD
    amazon_invoice_description: "Sales Tax"
  Expenses:FIXME:E                12.00 USD
    amazon_item_condition: "New"
    amazon_item_description: "Rifle Paper Co. Jardin Weekly Desk Planner Notepad"
    amazon_item_quantity: 1
    amazon_seller: "Our Pampered Home"
    shipped_date: 2017-03-24
  Liabilities:Amazon-Store-Card  -71.06 USD
    cleared: TRUE
    date: 2017-03-24
    transaction_date: 2017-03-25
  Liabilities:Amazon-Store-Card  -16.21 USD
    cleared: TRUE
    date: 2017-03-24
    transaction_date: 2017-03-25
  Liabilities:Amazon-Store-Card  -58.93 USD
    cleared: TRUE
    date: 2017-03-24
    transaction_date: 2017-03-27
  Liabilities:Amazon-Store-Card   -7.99 USD
    cleared: TRUE
    date: 2017-03-27
    transaction_date: 2017-03-28


2017-03-23 * "Amazon.com" "Order"
  amazon_order_id: "277-5312419-9119541"
  Expenses:FIXME:A                10.80 USD
    amazon_item_condition: "New"
    amazon_item_description: "C.R. Gibson 9-Count Coloring File Folders"
    amazon_item_quantity: 1
    amazon_seller: "Amazon.com LLC"
    shipped_date: 2017-03-24
  Expenses:FIXME:A                12.60 USD
    amazon_item_condition: "New"
    amazon_item_description: "MUJI Gel Ink Ballpoint Pens 0.38mm 9-colors Pack"
    amazon_item_quantity: 1
    amazon_seller: "hidamarifarm"
    shipped_date: 2017-03-24
  Expenses:FIXME:A                16.50 USD
    amazon_item_condition: "New"
    amazon_item_description: "Cynthia Rowley File Folders, 3 Tab, 6 Folders per package, Leaves Assorted Patterns"
    amazon_item_quantity: 1
    amazon_seller: "Sherry Pappas"
    shipped_date: 2017-03-24
  Expenses:FIXME:A                 8.99 USD
    amazon_item_condition: "New"
    amazon_item_description: "V&A William Morris Garden File Folder, Galison"
    amazon_item_quantity: 1
    amazon_seller: "Amazon.com LLC"
    shipped_date: 2017-03-24
  Expenses:FIXME:A                23.95 USD
    amazon_item_condition: "New"
    amazon_item_description: "Bloom Daily Planners All In One Planner, Calendar, Notebook"
    amazon_item_quantity: 1
    amazon_seller: "bloom daily planners"
    shipped_date: 2017-03-24
  Expenses:FIXME:A                 8.99 USD
    amazon_item_condition: "New"
    amazon_item_description: "Skydue Floral Printed Accordion Document File Folder Expanding Letter Organizer (Pink)"
    amazon_item_quantity: 1
    amazon_seller: "Skydue"
    shipped_date: 2017-03-24
  Expenses:FIXME:A                 1.83 USD
    amazon_invoice_description: "Sales Tax"
  Expenses:FIXME:B                 7.99 USD
    amazon_item_condition: "New"
    amazon_item_description: "Skydue Letter A4 Paper Expanding File Folder Pockets Accordion Document Organizer (Jade)"
    amazon_item_quantity: 1
    amazon_seller: "Skydue"
    shipped_date: 2017-03-27
  Expenses:FIXME:C                14.84 USD
    amazon_item_condition: "New"
    amazon_item_description: "Design Ideas 8758616-DI 8758616-DI Cabo LetterHolder-Copper,Copper,"
    amazon_item_quantity: 1
    amazon_seller: "Quidsi Retail LLC"
    shipped_date: 2017-03-24
  Expenses:FIXME:C                 1.37 USD
    amazon_invoice_description: "Sales Tax"
  Expenses:FIXME:D                17.95 USD
    amazon_item_condition: "New"
    amazon_item_description: "Cynthia Rowley File Folders, 3 Tab, 6 folders per package, Gold Assorted Patterns"
    amazon_item_quantity: 1
    amazon_seller: "Cailler's LLC"
    shipped_date: 2017-03-25
  Expenses:FIXME:D                14.99 USD
    amazon_item_condition: "New"
    amazon_item_description: "Suncatchers Colorful Bird Stained Glass Effect Resin Mobile - Beautiful Window Hanging - Home Decoration"
    amazon_item_quantity: 1
    amazon_seller: "That Internet Shop USA"
    shipped_date: 2017-03-25
  Expenses:FIXME:D                 1.39 USD
    amazon_invoice_description: "Sales Tax"
  Expenses:FIXME:E                12.00 USD
    amazon_item_condition: "New"
    amazon_item_description: "Rifle Paper Co. Jardin Weekly Desk Planner Notepad"
    amazon_item_quantity: 1
    amazon_seller: "Our Pampered Home"
    shipped_date: 2017-03-24
  Expenses:FIXME                 -71.06 USD
    transaction_date: 2017-03-25
  Liabilities:Amazon-Store-Card  -16.21 USD
    cleared: TRUE
    date: 2017-03-24
    transaction_date: 2017-03-25
  Liabilities:Amazon-Store-Card  -58.93 USD
    cleared: TRUE
    date: 2017-03-24
    transaction_date: 2017-03-27
  Liabilities:Amazon-Store-Card   -7.99 USD
    cleared: TRUE
    date: 2017-03-27
    transaction_date: 2017-03-28


2017-03-23 * "Amazon.com" "Order"
  amazon_order_id: "277-5312419-9119541"
  Expenses:FIXME:A                10.80 USD
    amazon_item_condition: "New"
    amazon_item_description: "C.R. Gibson 9-Count Coloring File Folders"
    amazon_item_quantity: 1
    amazon_seller: "Amazon.com LLC"
    shipped_date: 2017-03-24
  Expenses:FIXME:A                12.60 USD
    amazon_item_condition: "New"
    amazon_item_description: "MUJI Gel Ink Ballpoint Pens 0.38mm 9-colors Pack"
    amazon_item_quantity: 1
    amazon_seller: "hidamarifarm"
    shipped_date: 2017-03-24
  Expenses:FIXME:A                16.50 USD
    amazon_item_condition: "New"
    amazon_item_description: "Cynthia Rowley File Folders, 3 Tab, 6 Folders per package, Leaves Assorted Patterns"
    amazon_item_quantity: 1
    amazon_seller: "Sherry Pappas"
    shipped_date: 2017-03-24
  Expenses:FIXME:A                 8.99 USD
    amazon_item_condition: "New"
    amazon_item_description: "V&A William Morris Garden File Folder, Galison"
    amazon_item_quantity: 1
    amazon_seller: "Amazon.com LLC"
    shipped_date: 2017-03-24
  Expenses:FIXME:A                23.95 USD
    amazon_item_condition: "New"
    amazon_item_description: "Bloom Daily Planners All In One Planner, Calendar, Notebook"
    amazon_item_quantity: 1
    amazon_seller: "bloom daily planners"
    shipped_date: 2017-03-24
  Expenses:FIXME:A                 8.99 USD
    amazon_item_condition: "New"
    amazon_item_description: "Skydue Floral Printed Accordion Document File Folder Expanding Letter Organizer (Pink)"
    amazon_item_quantity: 1
    amazon_seller: "Skydue"
    shipped_date: 2017-03-24
  Expenses:FIXME:A                 1.83 USD
    amazon_invoice_description: "Sales Tax"
  Expenses:FIXME:B                 7.99 USD
    amazon_item_condition: "New"
    amazon_item_description: "Skydue Letter A4 Paper Expanding File Folder Pockets Accordion Document Organizer (Jade)"
    amazon_item_quantity: 1
    amazon_seller: "Skydue"
    shipped_date: 2017-03-27
  Expenses:FIXME:C                14.84 USD
    amazon_item_condition: "New"
    amazon_item_description: "Design Ideas 8758616-DI 8758616-DI Cabo LetterHolder-Copper,Copper,"
    amazon_item_quantity: 1
    amazon_seller: "Quidsi Retail LLC"
    shipped_date: 2017-03-24
  Expenses:FIXME:C                 1.37 USD
    amazon_invoice_description: "Sales Tax"
  Expenses:FIXME:D                17.95 USD
    amazon_item_condition: "New"
    amazon_item_description: "Cynthia Rowley File Folders, 3 Tab, 6 folders per package, Gold Assorted Patterns"
    amazon_item_quantity: 1
    amazon_seller: "Cailler's LLC"
    shipped_date: 2017-03-25
  Expenses:FIXME:D                14.99 USD
    amazon_item_condition: "New"
    amazon_item_description: "Suncatchers Colorful Bird Stained Glass Effect Resin Mobile - Beautiful Window Hanging - Home Decoration"
    amazon_item_quantity: 1
    amazon_seller: "That Internet Shop USA"
    shipped_date: 2017-03-25
  Expenses:FIXME:D                 1.39 USD
    amazon_invoice_description: "Sales Tax"
  Expenses:FIXME:E                12.00 USD
    amazon_item_condition: "New"
    amazon_item_description: "Rifle Paper Co. Jardin Weekly Desk Planner Notepad"
    amazon_item_quantity: 1
    amazon_seller: "Our Pampered Home"
    shipped_date: 2017-03-24
  Liabilities:Amazon-Store-Card  -71.06 USD
    cleared: TRUE
    date: 2017-03-24
    transaction_date: 2017-03-25
  Liabilities:Amazon-Store-Card  -16.21 USD
    cleared: TRUE
    date: 2017-03-24
    transaction_date: 2017-03-25
  Liabilities:Amazon-Store-Card  -58.93 USD
    cleared: TRUE
    date: 2017-03-24
    transaction_date: 2017-03-27
  Expenses:FIXME                  -7.99 USD
    transaction_date: 2017-03-28


2017-03-23 * "Amazon.com" "Order"
  amazon_order_id: "277-5312419-9119541"
  Expenses:FIXME:A                10.80 USD
    amazon_item_condition: "New"
    amazon_item_description: "C.R. Gibson 9-Count Coloring File Folders"
    amazon_item_quantity: 1
    amazon_seller: "Amazon.com LLC"
    shipped_date: 2017-03-24
  Expenses:FIXME:A                12.60 USD
    amazon_item_condition: "New"
    amazon_item_description: "MUJI Gel Ink Ballpoint Pens 0.38mm 9-colors Pack"
    amazon_item_quantity: 1
    amazon_seller: "hidamarifarm"
    shipped_date: 2017-03-24
  Expenses:FIXME:A                16.50 USD
    amazon_item_condition: "New"
    amazon_item_description: "Cynthia Rowley File Folders, 3 Tab, 6 Folders per package, Leaves Assorted Patterns"
    amazon_item_quantity: 1
    amazon_seller: "Sherry Pappas"
    shipped_date: 2017-03-24
  Expenses:FIXME:A                 8.99 USD
    amazon_item_condition: "New"
    amazon_item_description: "V&A William Morris Garden File Folder, Galison"
    amazon_item_quantity: 1
    amazon_seller: "Amazon.com LLC"
    shipped_date: 2017-03-24
  Expenses:FIXME:A                23.95 USD
    amazon_item_condition: "New"
    amazon_item_description: "Bloom Daily Planners All In One Planner, Calendar, Notebook"
    amazon_item_quantity: 1
    amazon_seller: "bloom daily planners"
    shipped_date: 2017-03-24
  Expenses:FIXME:A                 8.99 USD
    amazon_item_condition: "New"
    amazon_item_description: "Skydue Floral Printed Accordion Document File Folder Expanding Letter Organizer (Pink)"
    amazon_item_quantity: 1
    amazon_seller: "Skydue"
    shipped_date: 2017-03-24
  Expenses:FIXME:A                 1.83 USD
    amazon_invoice_description: "Sales Tax"
  Expenses:FIXME:B                 7.99 USD
    amazon_item_condition: "New"
    amazon_item_description: "Skydue Letter A4 Paper Expanding File Folder Pockets Accordion Document Organizer (Jade)"
    amazon_item_quantity: 1
    amazon_seller: "Skydue"
    shipped_date: 2017-03-27
  Expenses:FIXME:C                14.84 USD
    amazon_item_condition: "New"
    amazon_item_description: "Design Ideas 8758616-DI 8758616-DI Cabo LetterHolder-Copper,Copper,"
    amazon_item_quantity: 1
    amazon_seller: "Quidsi Retail LLC"
    shipped_date: 2017-03-24
  Expenses:FIXME:C                 1.37 USD
    amazon_invoice_description: "Sales Tax"
  Expenses:FIXME:D                17.95 USD
    amazon_item_condition: "New"
    amazon_item_description: "Cynthia Rowley File Folders, 3 Tab, 6 folders per package, Gold Assorted Patterns"
    amazon_item_quantity: 1
    amazon_seller: "Cailler's LLC"
    shipped_date: 2017-03-25
  Expenses:FIXME:D                14.99 USD
    amazon_item_condition: "New"
    amazon_item_description: "Suncatchers Colorful Bird Stained Glass Effect Resin Mobile - Beautiful Window Hanging - Home Decoration"
    amazon_item_quantity: 1
    amazon_seller: "That Internet Shop USA"
    shipped_date: 2017-03-25
  Expenses:FIXME:D                 1.39 USD
    amazon_invoice_description: "Sales Tax"
  Expenses:FIXME:E                12.00 USD
    amazon_item_condition: "New"
    amazon_item_description: "Rifle Paper Co. Jardin Weekly Desk Planner Notepad"
    amazon_item_quantity: 1
    amazon_seller: "Our Pampered Home"
    shipped_date: 2017-03-24
  Liabilities:Amazon-Store-Card  -71.06 USD
    cleared: TRUE
    date: 2017-03-24
    transaction_date: 2017-03-25
  Expenses:FIXME                 -16.21 USD
    transaction_date: 2017-03-25
  Liabilities:Amazon-Store-Card  -58.93 USD
    cleared: TRUE
    date: 2017-03-24
    transaction_date: 2017-03-27
  Liabilities:Amazon-Store-Card   -7.99 USD
    cleared: TRUE
    date: 2017-03-27
    transaction_date: 2017-03-28


2017-03-23 * "Amazon.com" "Order"
  amazon_order_id: "277-5312419-9119541"
  Expenses:FIXME:A                10.80 USD
    amazon_item_condition: "New"
    amazon_item_description: "C.R. Gibson 9-Count Coloring File Folders"
    amazon_item_quantity: 1
    amazon_seller: "Amazon.com LLC"
    shipped_date: 2017-03-24
  Expenses:FIXME:A                12.60 USD
    amazon_item_condition: "New"
    amazon_item_description: "MUJI Gel Ink Ballpoint Pens 0.38mm 9-colors Pack"
    amazon_item_quantity: 1
    amazon_seller: "hidamarifarm"
    shipped_date: 2017-03-24
  Expenses:FIXME:A                16.50 USD
    amazon_item_condition: "New"
    amazon_item_description: "Cynthia Rowley File Folders, 3 Tab, 6 Folders per package, Leaves Assorted Patterns"
    amazon_item_quantity: 1
    amazon_seller: "Sherry Pappas"
    shipped_date: 2017-03-24
  Expenses:FIXME:A                 8.99 USD
    amazon_item_condition: "New"
    amazon_item_description: "V&A William Morris Garden File Folder, Galison"
    amazon_item_quantity: 1
    amazon_seller: "Amazon.com LLC"
    shipped_date: 2017-03-24
  Expenses:FIXME:A                23.95 USD
    amazon_item_condition: "New"
    amazon_item_description: "Bloom Daily Planners All In One Planner, Calendar, Notebook"
    amazon_item_quantity: 1
    amazon_seller: "bloom daily planners"
    shipped_date: 2017-03-24
  Expenses:FIXME:A                 8.99 USD
    amazon_item_condition: "New"
    amazon_item_description: "Skydue Floral Printed Accordion Document File Folder Expanding Letter Organizer (Pink)"
    amazon_item_quantity: 1
    amazon_seller: "Skydue"
    shipped_date: 2017-03-24
  Expenses:FIXME:A                 1.83 USD
    amazon_invoice_description: "Sales Tax"
  Expenses:FIXME:B                 7.99 USD
    amazon_item_condition: "New"
    amazon_item_description: "Skydue Letter A4 Paper Expanding File Folder Pockets Accordion Document Organizer (Jade)"
    amazon_item_quantity: 1
    amazon_seller: "Skydue"
    shipped_date: 2017-03-27
  Expenses:FIXME:C                14.84 USD
    amazon_item_condition: "New"
    amazon_item_description: "Design Ideas 8758616-DI 8758616-DI Cabo LetterHolder-Copper,Copper,"
    amazon_item_quantity: 1
    amazon_seller: "Quidsi Retail LLC"
    shipped_date: 2017-03-24
  Expenses:FIXME:C                 1.37 USD
    amazon_invoice_description: "Sales Tax"
  Expenses:FIXME:D                17.95 USD
    amazon_item_condition: "New"
    amazon_item_description: "Cynthia Rowley File Folders, 3 Tab, 6 folders per package, Gold Assorted Patterns"
    amazon_item_quantity: 1
    amazon_seller: "Cailler's LLC"
    shipped_date: 2017-03-25
  Expenses:FIXME:D                14.99 USD
    amazon_item_condition: "New"
    amazon_item_description: "Suncatchers Colorful Bird Stained Glass Effect Resin Mobile - Beautiful Window Hanging - Home Decoration"
    amazon_item_quantity: 1
    amazon_seller: "That Internet Shop USA"
    shipped_date: 2017-03-25
  Expenses:FIXME:D                 1.39 USD
    amazon_invoice_description: "Sales Tax"
  Expenses:FIXME:E                12.00 USD
    amazon_item_condition: "New"
    amazon_item_description: "Rifle Paper Co. Jardin Weekly Desk Planner Notepad"
    amazon_item_quantity: 1
    amazon_seller: "Our Pampered Home"
    shipped_date: 2017-03-24
  Expenses:FIXME                 -71.06 USD
    transaction_date: 2017-03-25
  Liabilities:Amazon-Store-Card  -16.21 USD
    cleared: TRUE
    date: 2017-03-24
    transaction_date: 2017-03-25
  Liabilities:Amazon-Store-Card  -58.93 USD
    cleared: TRUE
    date: 2017-03-24
    transaction_date: 2017-03-27
  Expenses:FIXME                  -7.99 USD
    transaction_date: 2017-03-28


2017-03-23 * "Amazon.com" "Order"
  amazon_order_id: "277-5312419-9119541"
  Expenses:FIXME:A                10.80 USD
    amazon_item_condition: "New"
    amazon_item_description: "C.R. Gibson 9-Count Coloring File Folders"
    amazon_item_quantity: 1
    amazon_seller: "Amazon.com LLC"
    shipped_date: 2017-03-24
  Expenses:FIXME:A                12.60 USD
    amazon_item_condition: "New"
    amazon_item_description: "MUJI Gel Ink Ballpoint Pens 0.38mm 9-colors Pack"
    amazon_item_quantity: 1
    amazon_seller: "hidamarifarm"
    shipped_date: 2017-03-24
  Expenses:FIXME:A                16.50 USD
    amazon_item_condition: "New"
    amazon_item_description: "Cynthia Rowley File Folders, 3 Tab, 6 Folders per package, Leaves Assorted Patterns"
    amazon_item_quantity: 1
    amazon_seller: "Sherry Pappas"
    shipped_date: 2017-03-24
  Expenses:FIXME:A                 8.99 USD
    amazon_item_condition: "New"
    amazon_item_description: "V&A William Morris Garden File Folder, Galison"
    amazon_item_quantity: 1
    amazon_seller: "Amazon.com LLC"
    shipped_date: 2017-03-24
  Expenses:FIXME:A                23.95 USD
    amazon_item_condition: "New"
    amazon_item_description: "Bloom Daily Planners All In One Planner, Calendar, Notebook"
    amazon_item_quantity: 1
    amazon_seller: "bloom daily planners"
    shipped_date: 2017-03-24
  Expenses:FIXME:A                 8.99 USD
    amazon_item_condition: "New"
    amazon_item_description: "Skydue Floral Printed Accordion Document File Folder Expanding Letter Organizer (Pink)"
    amazon_item_quantity: 1
    amazon_seller: "Skydue"
    shipped_date: 2017-03-24
  Expenses:FIXME:A                 1.83 USD
    amazon_invoice_description: "Sales Tax"
  Expenses:FIXME:B                 7.99 USD
    amazon_item_condition: "New"
    amazon_item_description: "Skydue Letter A4 Paper Expanding File Folder Pockets Accordion Document Organizer (Jade)"
    amazon_item_quantity: 1
    amazon_seller: "Skydue"
    shipped_date: 2017-03-27
  Expenses:FIXME:C                14.84 USD
    amazon_item_condition: "New"
    amazon_item_description: "Design Ideas 8758616-DI 8758616-DI Cabo LetterHolder-Copper,Copper,"
    amazon_item_quantity: 1
    amazon_seller: "Quidsi Retail LLC"
    shipped_date: 2017-03-24
  Expenses:FIXME:C                 1.37 USD
    amazon_invoice_description: "Sales Tax"
  Expenses:FIXME:D                17.95 USD
    amazon_item_condition: "New"
    amazon_item_description: "Cynthia Rowley File Folders, 3 Tab, 6 folders per package, Gold Assorted Patterns"
    amazon_item_quantity: 1
    amazon_seller: "Cailler's LLC"
    shipped_date: 2017-03-25
  Expenses:FIXME:D                14.99 USD
    amazon_item_condition: "New"
    amazon_item_description: "Suncatchers Colorful Bird Stained Glass Effect Resin Mobile - Beautiful Window Hanging - Home Decoration"
    amazon_item_quantity: 1
    amazon_seller: "That Internet Shop USA"
    shipped_date: 2017-03-25
  Expenses:FIXME:D                 1.39 USD
    amazon_invoice_description: "Sales Tax"
  Expenses:FIXME:E                12.00 USD
    amazon_item_condition: "New"
    amazon_item_description: "Rifle Paper Co. Jardin Weekly Desk Planner Notepad"
    amazon_item_quantity: 1
    amazon_seller: "Our Pampered Home"
    shipped_date: 2017-03-24
  Expenses:FIXME                 -71.06 USD
    transaction_date: 2017-03-25
  Expenses:FIXME                 -16.21 USD
    transaction_date: 2017-03-25
  Liabilities:Amazon-Store-Card  -58.93 USD
    cleared: TRUE
    date: 2017-03-24
    transaction_date: 2017-03-27
  Liabilities:Amazon-Store-Card   -7.99 USD
    cleared: TRUE
    date: 2017-03-27
    transaction_date: 2017-03-28


2017-03-23 * "Amazon.com" "Order"
  amazon_order_id: "277-5312419-9119541"
  Expenses:FIXME:A                10.80 USD
    amazon_item_condition: "New"
    amazon_item_description: "C.R. Gibson 9-Count Coloring File Folders"
    amazon_item_quantity: 1
    amazon_seller: "Amazon.com LLC"
    shipped_date: 2017-03-24
  Expenses:FIXME:A                12.60 USD
    amazon_item_condition: "New"
    amazon_item_description: "MUJI Gel Ink Ballpoint Pens 0.38mm 9-colors Pack"
    amazon_item_quantity: 1
    amazon_seller: "hidamarifarm"
    shipped_date: 2017-03-24
  Expenses:FIXME:A                16.50 USD
    amazon_item_condition: "New"
    amazon_item_description: "Cynthia Rowley File Folders, 3 Tab, 6 Folders per package, Leaves Assorted Patterns"
    amazon_item_quantity: 1
    amazon_seller: "Sherry Pappas"
    shipped_date: 2017-03-24
  Expenses:FIXME:A                 8.99 USD
    amazon_item_condition: "New"
    amazon_item_description: "V&A William Morris Garden File Folder, Galison"
    amazon_item_quantity: 1
    amazon_seller: "Amazon.com LLC"
    shipped_date: 2017-03-24
  Expenses:FIXME:A                23.95 USD
    amazon_item_condition: "New"
    amazon_item_description: "Bloom Daily Planners All In One Planner, Calendar, Notebook"
    amazon_item_quantity: 1
    amazon_seller: "bloom daily planners"
    shipped_date: 2017-03-24
  Expenses:FIXME:A                 8.99 USD
    amazon_item_condition: "New"
    amazon_item_description: "Skydue Floral Printed Accordion Document File Folder Expanding Letter Organizer (Pink)"
    amazon_item_quantity: 1
    amazon_seller: "Skydue"
    shipped_date: 2017-03-24
  Expenses:FIXME:A                 1.83 USD
    amazon_invoice_description: "Sales Tax"
  Expenses:FIXME:B                 7.99 USD
    amazon_item_condition: "New"
    amazon_item_description: "Skydue Letter A4 Paper Expanding File Folder Pockets Accordion Document Organizer (Jade)"
    amazon_item_quantity: 1
    amazon_seller: "Skydue"
    shipped_date: 2017-03-27
  Expenses:FIXME:C                14.84 USD
    amazon_item_condition: "New"
    amazon_item_description: "Design Ideas 8758616-DI 8758616-DI Cabo LetterHolder-Copper,Copper,"
    amazon_item_quantity: 1
    amazon_seller: "Quidsi Retail LLC"
    shipped_date: 2017-03-24
  Expenses:FIXME:C                 1.37 USD
    amazon_invoice_description: "Sales Tax"
  Expenses:FIXME:D                17.95 USD
    amazon_item_condition: "New"
    amazon_item_description: "Cynthia Rowley File Folders, 3 Tab, 6 folders per package, Gold Assorted Patterns"
    amazon_item_quantity: 1
    amazon_seller: "Cailler's LLC"
    shipped_date: 2017-03-25
  Expenses:FIXME:D                14.99 USD
    amazon_item_condition: "New"
    amazon_item_description: "Suncatchers Colorful Bird Stained Glass Effect Resin Mobile - Beautiful Window Hanging - Home Decoration"
    amazon_item_quantity: 1
    amazon_seller: "That Internet Shop USA"
    shipped_date: 2017-03-25
  Expenses:FIXME:D                 1.39 USD
    amazon_invoice_description: "Sales Tax"
  Expenses:FIXME:E                12.00 USD
    amazon_item_condition: "New"
    amazon_item_description: "Rifle Paper Co. Jardin Weekly Desk Planner Notepad"
    amazon_item_quantity: 1
    amazon_seller: "Our Pampered Home"
    shipped_date: 2017-03-24
  Liabilities:Amazon-Store-Card  -71.06 USD
    cleared: TRUE
    date: 2017-03-24
    transaction_date: 2017-03-25
  Expenses:FIXME                 -16.21 USD
    transaction_date: 2017-03-25
  Liabilities:Amazon-Store-Card  -58.93 USD
    cleared: TRUE
    date: 2017-03-24
    transaction_date: 2017-03-27
  Expenses:FIXME                  -7.99 USD
    transaction_date: 2017-03-28


2017-03-23 * "Amazon.com" "Order"
  amazon_order_id: "277-5312419-9119541"
  Expenses:FIXME:A                10.80 USD
    amazon_item_condition: "New"
    amazon_item_description: "C.R. Gibson 9-Count Coloring File Folders"
    amazon_item_quantity: 1
    amazon_seller: "Amazon.com LLC"
    shipped_date: 2017-03-24
  Expenses:FIXME:A                12.60 USD
    amazon_item_condition: "New"
    amazon_item_description: "MUJI Gel Ink Ballpoint Pens 0.38mm 9-colors Pack"
    amazon_item_quantity: 1
    amazon_seller: "hidamarifarm"
    shipped_date: 2017-03-24
  Expenses:FIXME:A                16.50 USD
    amazon_item_condition: "New"
    amazon_item_description: "Cynthia Rowley File Folders, 3 Tab, 6 Folders per package, Leaves Assorted Patterns"
    amazon_item_quantity: 1
    amazon_seller: "Sherry Pappas"
    shipped_date: 2017-03-24
  Expenses:FIXME:A                 8.99 USD
    amazon_item_condition: "New"
    amazon_item_description: "V&A William Morris Garden File Folder, Galison"
    amazon_item_quantity: 1
    amazon_seller: "Amazon.com LLC"
    shipped_date: 2017-03-24
  Expenses:FIXME:A                23.95 USD
    amazon_item_condition: "New"
    amazon_item_description: "Bloom Daily Planners All In One Planner, Calendar, Notebook"
    amazon_item_quantity: 1
    amazon_seller: "bloom daily planners"
    shipped_date: 2017-03-24
  Expenses:FIXME:A                 8.99 USD
    amazon_item_condition: "New"
    amazon_item_description: "Skydue Floral Printed Accordion Document File Folder Expanding Letter Organizer (Pink)"
    amazon_item_quantity: 1
    amazon_seller: "Skydue"
    shipped_date: 2017-03-24
  Expenses:FIXME:A                 1.83 USD
    amazon_invoice_description: "Sales Tax"
  Expenses:FIXME:B                 7.99 USD
    amazon_item_condition: "New"
    amazon_item_description: "Skydue Letter A4 Paper Expanding File Folder Pockets Accordion Document Organizer (Jade)"
    amazon_item_quantity: 1
    amazon_seller: "Skydue"
    shipped_date: 2017-03-27
  Expenses:FIXME:C                14.84 USD
    amazon_item_condition: "New"
    amazon_item_description: "Design Ideas 8758616-DI 8758616-DI Cabo LetterHolder-Copper,Copper,"
    amazon_item_quantity: 1
    amazon_seller: "Quidsi Retail LLC"
    shipped_date: 2017-03-24
  Expenses:FIXME:C                 1.37 USD
    amazon_invoice_description: "Sales Tax"
  Expenses:FIXME:D                17.95 USD
    amazon_item_condition: "New"
    amazon_item_description: "Cynthia Rowley File Folders, 3 Tab, 6 folders per package, Gold Assorted Patterns"
    amazon_item_quantity: 1
    amazon_seller: "Cailler's LLC"
    shipped_date: 2017-03-25
  Expenses:FIXME:D                14.99 USD
    amazon_item_condition: "New"
    amazon_item_description: "Suncatchers Colorful Bird Stained Glass Effect Resin Mobile - Beautiful Window Hanging - Home Decoration"
    amazon_item_quantity: 1
    amazon_seller: "That Internet Shop USA"
    shipped_date: 2017-03-25
  Expenses:FIXME:D                 1.39 USD
    amazon_invoice_description: "Sales Tax"
  Expenses:FIXME:E                12.00 USD
    amazon_item_condition: "New"
    amazon_item_description: "Rifle Paper Co. Jardin Weekly Desk Planner Notepad"
    amazon_item_quantity: 1
    amazon_seller: "Our Pampered Home"
    shipped_date: 2017-03-24
  Liabilities:Amazon-Store-Card  -71.06 USD
    cleared: TRUE
    date: 2017-03-24
    transaction_date: 2017-03-25
  Liabilities:Amazon-Store-Card  -16.21 USD
    cleared: TRUE
    date: 2017-03-24
    transaction_date: 2017-03-25
  Expenses:FIXME                 -12.60 USD
    transaction_date: 2017-03-27
  Expenses:FIXME                 -34.33 USD
    transaction_date: 2017-03-27
  Expenses:FIXME                 -12.00 USD
    transaction_date: 2017-03-27
  Liabilities:Amazon-Store-Card   -7.99 USD
    cleared: TRUE
    date: 2017-03-27
    transaction_date: 2017-03-28


2017-03-23 * "Amazon.com" "Order"
  amazon_order_id: "277-5312419-9119541"
  Expenses:FIXME:A                10.80 USD
    amazon_item_condition: "New"
    amazon_item_description: "C.R. Gibson 9-Count Coloring File Folders"
    amazon_item_quantity: 1
    amazon_seller: "Amazon.com LLC"
    shipped_date: 2017-03-24
  Expenses:FIXME:A                12.60 USD
    amazon_item_condition: "New"
    amazon_item_description: "MUJI Gel Ink Ballpoint Pens 0.38mm 9-colors Pack"
    amazon_item_quantity: 1
    amazon_seller: "hidamarifarm"
    shipped_date: 2017-03-24
  Expenses:FIXME:A                16.50 USD
    amazon_item_condition: "New"
    amazon_item_description: "Cynthia Rowley File Folders, 3 Tab, 6 Folders per package, Leaves Assorted Patterns"
    amazon_item_quantity: 1
    amazon_seller: "Sherry Pappas"
    shipped_date: 2017-03-24
  Expenses:FIXME:A                 8.99 USD
    amazon_item_condition: "New"
    amazon_item_description: "V&A William Morris Garden File Folder, Galison"
    amazon_item_quantity: 1
    amazon_seller: "Amazon.com LLC"
    shipped_date: 2017-03-24
  Expenses:FIXME:A                23.95 USD
    amazon_item_condition: "New"
    amazon_item_description: "Bloom Daily Planners All In One Planner, Calendar, Notebook"
    amazon_item_quantity: 1
    amazon_seller: "bloom daily planners"
    shipped_date: 2017-03-24
  Expenses:FIXME:A                 8.99 USD
    amazon_item_condition: "New"
    amazon_item_description: "Skydue Floral Printed Accordion Document File Folder Expanding Letter Organizer (Pink)"
    amazon_item_quantity: 1
    amazon_seller: "Skydue"
    shipped_date: 2017-03-24
  Expenses:FIXME:A                 1.83 USD
    amazon_invoice_description: "Sales Tax"
  Expenses:FIXME:B                 7.99 USD
    amazon_item_condition: "New"
    amazon_item_description: "Skydue Letter A4 Paper Expanding File Folder Pockets Accordion Document Organizer (Jade)"
    amazon_item_quantity: 1
    amazon_seller: "Skydue"
    shipped_date: 2017-03-27
  Expenses:FIXME:C                14.84 USD
    amazon_item_condition: "New"
    amazon_item_description: "Design Ideas 8758616-DI 8758616-DI Cabo LetterHolder-Copper,Copper,"
    amazon_item_quantity: 1
    amazon_seller: "Quidsi Retail LLC"
    shipped_date: 2017-03-24
  Expenses:FIXME:C                 1.37 USD
    amazon_invoice_description: "Sales Tax"
  Expenses:FIXME:D                17.95 USD
    amazon_item_condition: "New"
    amazon_item_description: "Cynthia Rowley File Folders, 3 Tab, 6 folders per package, Gold Assorted Patterns"
    amazon_item_quantity: 1
    amazon_seller: "Cailler's LLC"
    shipped_date: 2017-03-25
  Expenses:FIXME:D                14.99 USD
    amazon_item_condition: "New"
    amazon_item_description: "Suncatchers Colorful Bird Stained Glass Effect Resin Mobile - Beautiful Window Hanging - Home Decoration"
    amazon_item_quantity: 1
    amazon_seller: "That Internet Shop USA"
    shipped_date: 2017-03-25
  Expenses:FIXME:D                 1.39 USD
    amazon_invoice_description: "Sales Tax"
  Expenses:FIXME:E                12.00 USD
    amazon_item_condition: "New"
    amazon_item_description: "Rifle Paper Co. Jardin Weekly Desk Planner Notepad"
    amazon_item_quantity: 1
    amazon_seller: "Our Pampered Home"
    shipped_date: 2017-03-24
  Expenses:FIXME                 -71.06 USD
    transaction_date: 2017-03-25
  Expenses:FIXME                 -16.21 USD
    transaction_date: 2017-03-25
  Liabilities:Amazon-Store-Card  -58.93 USD
    cleared: TRUE
    date: 2017-03-24
    transaction_date: 2017-03-27
  Expenses:FIXME                  -7.99 USD
    transaction_date: 2017-03-28


2017-03-23 * "Amazon.com" "Order"
  amazon_order_id: "277-5312419-9119541"
  Expenses:FIXME:A                10.80 USD
    amazon_item_condition: "New"
    amazon_item_description: "C.R. Gibson 9-Count Coloring File Folders"
    amazon_item_quantity: 1
    amazon_seller: "Amazon.com LLC"
    shipped_date: 2017-03-24
  Expenses:FIXME:A                12.60 USD
    amazon_item_condition: "New"
    amazon_item_description: "MUJI Gel Ink Ballpoint Pens 0.38mm 9-colors Pack"
    amazon_item_quantity: 1
    amazon_seller: "hidamarifarm"
    shipped_date: 2017-03-24
  Expenses:FIXME:A                16.50 USD
    amazon_item_condition: "New"
    amazon_item_description: "Cynthia Rowley File Folders, 3 Tab, 6 Folders per package, Leaves Assorted Patterns"
    amazon_item_quantity: 1
    amazon_seller: "Sherry Pappas"
    shipped_date: 2017-03-24
  Expenses:FIXME:A                 8.99 USD
    amazon_item_condition: "New"
    amazon_item_description: "V&A William Morris Garden File Folder, Galison"
    amazon_item_quantity: 1
    amazon_seller: "Amazon.com LLC"
    shipped_date: 2017-03-24
  Expenses:FIXME:A                23.95 USD
    amazon_item_condition: "New"
    amazon_item_description: "Bloom Daily Planners All In One Planner, Calendar, Notebook"
    amazon_item_quantity: 1
    amazon_seller: "bloom daily planners"
    shipped_date: 2017-03-24
  Expenses:FIXME:A                 8.99 USD
    amazon_item_condition: "New"
    amazon_item_description: "Skydue Floral Printed Accordion Document File Folder Expanding Letter Organizer (Pink)"
    amazon_item_quantity: 1
    amazon_seller: "Skydue"
    shipped_date: 2017-03-24
  Expenses:FIXME:A                 1.83 USD
    amazon_invoice_description: "Sales Tax"
  Expenses:FIXME:B                 7.99 USD
    amazon_item_condition: "New"
    amazon_item_description: "Skydue Letter A4 Paper Expanding File Folder Pockets Accordion Document Organizer (Jade)"
    amazon_item_quantity: 1
    amazon_seller: "Skydue"
    shipped_date: 2017-03-27
  Expenses:FIXME:C                14.84 USD
    amazon_item_condition: "New"
    amazon_item_description: "Design Ideas 8758616-DI 8758616-DI Cabo LetterHolder-Copper,Copper,"
    amazon_item_quantity: 1
    amazon_seller: "Quidsi Retail LLC"
    shipped_date: 2017-03-24
  Expenses:FIXME:C                 1.37 USD
    amazon_invoice_description: "Sales Tax"
  Expenses:FIXME:D                17.95 USD
    amazon_item_condition: "New"
    amazon_item_description: "Cynthia Rowley File Folders, 3 Tab, 6 folders per package, Gold Assorted Patterns"
    amazon_item_quantity: 1
    amazon_seller: "Cailler's LLC"
    shipped_date: 2017-03-25
  Expenses:FIXME:D                14.99 USD
    amazon_item_condition: "New"
    amazon_item_description: "Suncatchers Colorful Bird Stained Glass Effect Resin Mobile - Beautiful Window Hanging - Home Decoration"
    amazon_item_quantity: 1
    amazon_seller: "That Internet Shop USA"
    shipped_date: 2017-03-25
  Expenses:FIXME:D                 1.39 USD
    amazon_invoice_description: "Sales Tax"
  Expenses:FIXME:E                12.00 USD
    amazon_item_condition: "New"
    amazon_item_description: "Rifle Paper Co. Jardin Weekly Desk Planner Notepad"
    amazon_item_quantity: 1
    amazon_seller: "Our Pampered Home"
    shipped_date: 2017-03-24
  Expenses:FIXME                 -71.06 USD
    transaction_date: 2017-03-25
  Liabilities:Amazon-Store-Card  -16.21 USD
    cleared: TRUE
    date: 2017-03-24
    transaction_date: 2017-03-25
  Expenses:FIXME                 -12.60 USD
    transaction_date: 2017-03-27
  Expenses:FIXME                 -34.33 USD
    transaction_date: 2017-03-27
  Expenses:FIXME                 -12.00 USD
    transaction_date: 2017-03-27
  Liabilities:Amazon-Store-Card   -7.99 USD
    cleared: TRUE
    date: 2017-03-27
    transaction_date: 2017-03-28


2017-03-23 * "Amazon.com" "Order"
  amazon_order_id: "277-5312419-9119541"
  Expenses:FIXME:A                10.80 USD
    amazon_item_condition: "New"
    amazon_item_description: "C.R. Gibson 9-Count Coloring File Folders"
    amazon_item_quantity: 1
    amazon_seller: "Amazon.com LLC"
    shipped_date: 2017-03-24
  Expenses:FIXME:A                12.60 USD
    amazon_item_condition: "New"
    amazon_item_description: "MUJI Gel Ink Ballpoint Pens 0.38mm 9-colors Pack"
    amazon_item_quantity: 1
    amazon_seller: "hidamarifarm"
    shipped_date: 2017-03-24
  Expenses:FIXME:A                16.50 USD
    amazon_item_condition: "New"
    amazon_item_description: "Cynthia Rowley File Folders, 3 Tab, 6 Folders per package, Leaves Assorted Patterns"
    amazon_item_quantity: 1
    amazon_seller: "Sherry Pappas"
    shipped_date: 2017-03-24
  Expenses:FIXME:A                 8.99 USD
    amazon_item_condition: "New"
    amazon_item_description: "V&A William Morris Garden File Folder, Galison"
    amazon_item_quantity: 1
    amazon_seller: "Amazon.com LLC"
    shipped_date: 2017-03-24
  Expenses:FIXME:A                23.95 USD
    amazon_item_condition: "New"
    amazon_item_description: "Bloom Daily Planners All In One Planner, Calendar, Notebook"
    amazon_item_quantity: 1
    amazon_seller: "bloom daily planners"
    shipped_date: 2017-03-24
  Expenses:FIXME:A                 8.99 USD
    amazon_item_condition: "New"
    amazon_item_description: "Skydue Floral Printed Accordion Document File Folder Expanding Letter Organizer (Pink)"
    amazon_item_quantity: 1
    amazon_seller: "Skydue"
    shipped_date: 2017-03-24
  Expenses:FIXME:A                 1.83 USD
    amazon_invoice_description: "Sales Tax"
  Expenses:FIXME:B                 7.99 USD
    amazon_item_condition: "New"
    amazon_item_description: "Skydue Letter A4 Paper Expanding File Folder Pockets Accordion Document Organizer (Jade)"
    amazon_item_quantity: 1
    amazon_seller: "Skydue"
    shipped_date: 2017-03-27
  Expenses:FIXME:C                14.84 USD
    amazon_item_condition: "New"
    amazon_item_description: "Design Ideas 8758616-DI 8758616-DI Cabo LetterHolder-Copper,Copper,"
    amazon_item_quantity: 1
    amazon_seller: "Quidsi Retail LLC"
    shipped_date: 2017-03-24
  Expenses:FIXME:C                 1.37 USD
    amazon_invoice_description: "Sales Tax"
  Expenses:FIXME:D                17.95 USD
    amazon_item_condition: "New"
    amazon_item_description: "Cynthia Rowley File Folders, 3 Tab, 6 folders per package, Gold Assorted Patterns"
    amazon_item_quantity: 1
    amazon_seller: "Cailler's LLC"
    shipped_date: 2017-03-25
  Expenses:FIXME:D                14.99 USD
    amazon_item_condition: "New"
    amazon_item_description: "Suncatchers Colorful Bird Stained Glass Effect Resin Mobile - Beautiful Window Hanging - Home Decoration"
    amazon_item_quantity: 1
    amazon_seller: "That Internet Shop USA"
    shipped_date: 2017-03-25
  Expenses:FIXME:D                 1.39 USD
    amazon_invoice_description: "Sales Tax"
  Expenses:FIXME:E                12.00 USD
    amazon_item_condition: "New"
    amazon_item_description: "Rifle Paper Co. Jardin Weekly Desk Planner Notepad"
    amazon_item_quantity: 1
    amazon_seller: "Our Pampered Home"
    shipped_date: 2017-03-24
  Liabilities:Amazon-Store-Card  -71.06 USD
    cleared: TRUE
    date: 2017-03-24
    transaction_date: 2017-03-25
  Liabilities:Amazon-Store-Card  -16.21 USD
    cleared: TRUE
    date: 2017-03-24
    transaction_date: 2017-03-25
  Expenses:FIXME                 -12.60 USD
    transaction_date: 2017-03-27
  Expenses:FIXME                 -34.33 USD
    transaction_date: 2017-03-27
  Expenses:FIXME                 -12.00 USD
    transaction_date: 2017-03-27
  Expenses:FIXME                  -7.99 USD
    transaction_date: 2017-03-28


2017-03-23 * "Amazon.com" "Order"
  amazon_order_id: "277-5312419-9119541"
  Expenses:FIXME:A                10.80 USD
    amazon_item_condition: "New"
    amazon_item_description: "C.R. Gibson 9-Count Coloring File Folders"
    amazon_item_quantity: 1
    amazon_seller: "Amazon.com LLC"
    shipped_date: 2017-03-24
  Expenses:FIXME:A                12.60 USD
    amazon_item_condition: "New"
    amazon_item_description: "MUJI Gel Ink Ballpoint Pens 0.38mm 9-colors Pack"
    amazon_item_quantity: 1
    amazon_seller: "hidamarifarm"
    shipped_date: 2017-03-24
  Expenses:FIXME:A                16.50 USD
    amazon_item_condition: "New"
    amazon_item_description: "Cynthia Rowley File Folders, 3 Tab, 6 Folders per package, Leaves Assorted Patterns"
    amazon_item_quantity: 1
    amazon_seller: "Sherry Pappas"
    shipped_date: 2017-03-24
  Expenses:FIXME:A                 8.99 USD
    amazon_item_condition: "New"
    amazon_item_description: "V&A William Morris Garden File Folder, Galison"
    amazon_item_quantity: 1
    amazon_seller: "Amazon.com LLC"
    shipped_date: 2017-03-24
  Expenses:FIXME:A                23.95 USD
    amazon_item_condition: "New"
    amazon_item_description: "Bloom Daily Planners All In One Planner, Calendar, Notebook"
    amazon_item_quantity: 1
    amazon_seller: "bloom daily planners"
    shipped_date: 2017-03-24
  Expenses:FIXME:A                 8.99 USD
    amazon_item_condition: "New"
    amazon_item_description: "Skydue Floral Printed Accordion Document File Folder Expanding Letter Organizer (Pink)"
    amazon_item_quantity: 1
    amazon_seller: "Skydue"
    shipped_date: 2017-03-24
  Expenses:FIXME:A                 1.83 USD
    amazon_invoice_description: "Sales Tax"
  Expenses:FIXME:B                 7.99 USD
    amazon_item_condition: "New"
    amazon_item_description: "Skydue Letter A4 Paper Expanding File Folder Pockets Accordion Document Organizer (Jade)"
    amazon_item_quantity: 1
    amazon_seller: "Skydue"
    shipped_date: 2017-03-27
  Expenses:FIXME:C                14.84 USD
    amazon_item_condition: "New"
    amazon_item_description: "Design Ideas 8758616-DI 8758616-DI Cabo LetterHolder-Copper,Copper,"
    amazon_item_quantity: 1
    amazon_seller: "Quidsi Retail LLC"
    shipped_date: 2017-03-24
  Expenses:FIXME:C                 1.37 USD
    amazon_invoice_description: "Sales Tax"
  Expenses:FIXME:D                17.95 USD
    amazon_item_condition: "New"
    amazon_item_description: "Cynthia Rowley File Folders, 3 Tab, 6 folders per package, Gold Assorted Patterns"
    amazon_item_quantity: 1
    amazon_seller: "Cailler's LLC"
    shipped_date: 2017-03-25
  Expenses:FIXME:D                14.99 USD
    amazon_item_condition: "New"
    amazon_item_description: "Suncatchers Colorful Bird Stained Glass Effect Resin Mobile - Beautiful Window Hanging - Home Decoration"
    amazon_item_quantity: 1
    amazon_seller: "That Internet Shop USA"
    shipped_date: 2017-03-25
  Expenses:FIXME:D                 1.39 USD
    amazon_invoice_description: "Sales Tax"
  Expenses:FIXME:E                12.00 USD
    amazon_item_condition: "New"
    amazon_item_description: "Rifle Paper Co. Jardin Weekly Desk Planner Notepad"
    amazon_item_quantity: 1
    amazon_seller: "Our Pampered Home"
    shipped_date: 2017-03-24
  Liabilities:Amazon-Store-Card  -71.06 USD
    cleared: TRUE
    date: 2017-03-24
    transaction_date: 2017-03-25
  Expenses:FIXME                 -16.21 USD
    transaction_date: 2017-03-25
  Expenses:FIXME                 -12.60 USD
    transaction_date: 2017-03-27
  Expenses:FIXME                 -34.33 USD
    transaction_date: 2017-03-27
  Expenses:FIXME                 -12.00 USD
    transaction_date: 2017-03-27
  Liabilities:Amazon-Store-Card   -7.99 USD
    cleared: TRUE
    date: 2017-03-27
    transaction_date: 2017-03-28


2017-03-23 * "Amazon.com" "Order"
  amazon_order_id: "277-5312419-9119541"
  Expenses:FIXME:A                10.80 USD
    amazon_item_condition: "New"
    amazon_item_description: "C.R. Gibson 9-Count Coloring File Folders"
    amazon_item_quantity: 1
    amazon_seller: "Amazon.com LLC"
    shipped_date: 2017-03-24
  Expenses:FIXME:A                12.60 USD
    amazon_item_condition: "New"
    amazon_item_description: "MUJI Gel Ink Ballpoint Pens 0.38mm 9-colors Pack"
    amazon_item_quantity: 1
    amazon_seller: "hidamarifarm"
    shipped_date: 2017-03-24
  Expenses:FIXME:A                16.50 USD
    amazon_item_condition: "New"
    amazon_item_description: "Cynthia Rowley File Folders, 3 Tab, 6 Folders per package, Leaves Assorted Patterns"
    amazon_item_quantity: 1
    amazon_seller: "Sherry Pappas"
    shipped_date: 2017-03-24
  Expenses:FIXME:A                 8.99 USD
    amazon_item_condition: "New"
    amazon_item_description: "V&A William Morris Garden File Folder, Galison"
    amazon_item_quantity: 1
    amazon_seller: "Amazon.com LLC"
    shipped_date: 2017-03-24
  Expenses:FIXME:A                23.95 USD
    amazon_item_condition: "New"
    amazon_item_description: "Bloom Daily Planners All In One Planner, Calendar, Notebook"
    amazon_item_quantity: 1
    amazon_seller: "bloom daily planners"
    shipped_date: 2017-03-24
  Expenses:FIXME:A                 8.99 USD
    amazon_item_condition: "New"
    amazon_item_description: "Skydue Floral Printed Accordion Document File Folder Expanding Letter Organizer (Pink)"
    amazon_item_quantity: 1
    amazon_seller: "Skydue"
    shipped_date: 2017-03-24
  Expenses:FIXME:A                 1.83 USD
    amazon_invoice_description: "Sales Tax"
  Expenses:FIXME:B                 7.99 USD
    amazon_item_condition: "New"
    amazon_item_description: "Skydue Letter A4 Paper Expanding File Folder Pockets Accordion Document Organizer (Jade)"
    amazon_item_quantity: 1
    amazon_seller: "Skydue"
    shipped_date: 2017-03-27
  Expenses:FIXME:C                14.84 USD
    amazon_item_condition: "New"
    amazon_item_description: "Design Ideas 8758616-DI 8758616-DI Cabo LetterHolder-Copper,Copper,"
    amazon_item_quantity: 1
    amazon_seller: "Quidsi Retail LLC"
    shipped_date: 2017-03-24
  Expenses:FIXME:C                 1.37 USD
    amazon_invoice_description: "Sales Tax"
  Expenses:FIXME:D                17.95 USD
    amazon_item_condition: "New"
    amazon_item_description: "Cynthia Rowley File Folders, 3 Tab, 6 folders per package, Gold Assorted Patterns"
    amazon_item_quantity: 1
    amazon_seller: "Cailler's LLC"
    shipped_date: 2017-03-25
  Expenses:FIXME:D                14.99 USD
    amazon_item_condition: "New"
    amazon_item_description: "Suncatchers Colorful Bird Stained Glass Effect Resin Mobile - Beautiful Window Hanging - Home Decoration"
    amazon_item_quantity: 1
    amazon_seller: "That Internet Shop USA"
    shipped_date: 2017-03-25
  Expenses:FIXME:D                 1.39 USD
    amazon_invoice_description: "Sales Tax"
  Expenses:FIXME:E                12.00 USD
    amazon_item_condition: "New"
    amazon_item_description: "Rifle Paper Co. Jardin Weekly Desk Planner Notepad"
    amazon_item_quantity: 1
    amazon_seller: "Our Pampered Home"
    shipped_date: 2017-03-24
  Expenses:FIXME                 -71.06 USD
    transaction_date: 2017-03-25
  Liabilities:Amazon-Store-Card  -16.21 USD
    cleared: TRUE
    date: 2017-03-24
    transaction_date: 2017-03-25
  Expenses:FIXME                 -12.60 USD
    transaction_date: 2017-03-27
  Expenses:FIXME                 -34.33 USD
    transaction_date: 2017-03-27
  Expenses:FIXME                 -12.00 USD
    transaction_date: 2017-03-27
  Expenses:FIXME                  -7.99 USD
    transaction_date: 2017-03-28


2017-03-23 * "Amazon.com" "Order"
  amazon_order_id: "277-5312419-9119541"
  Expenses:FIXME:A                10.80 USD
    amazon_item_condition: "New"
    amazon_item_description: "C.R. Gibson 9-Count Coloring File Folders"
    amazon_item_quantity: 1
    amazon_seller: "Amazon.com LLC"
    shipped_date: 2017-03-24
  Expenses:FIXME:A                12.60 USD
    amazon_item_condition: "New"
    amazon_item_description: "MUJI Gel Ink Ballpoint Pens 0.38mm 9-colors Pack"
    amazon_item_quantity: 1
    amazon_seller: "hidamarifarm"
    shipped_date: 2017-03-24
  Expenses:FIXME:A                16.50 USD
    amazon_item_condition: "New"
    amazon_item_description: "Cynthia Rowley File Folders, 3 Tab, 6 Folders per package, Leaves Assorted Patterns"
    amazon_item_quantity: 1
    amazon_seller: "Sherry Pappas"
    shipped_date: 2017-03-24
  Expenses:FIXME:A                 8.99 USD
    amazon_item_condition: "New"
    amazon_item_description: "V&A William Morris Garden File Folder, Galison"
    amazon_item_quantity: 1
    amazon_seller: "Amazon.com LLC"
    shipped_date: 2017-03-24
  Expenses:FIXME:A                23.95 USD
    amazon_item_condition: "New"
    amazon_item_description: "Bloom Daily Planners All In One Planner, Calendar, Notebook"
    amazon_item_quantity: 1
    amazon_seller: "bloom daily planners"
    shipped_date: 2017-03-24
  Expenses:FIXME:A                 8.99 USD
    amazon_item_condition: "New"
    amazon_item_description: "Skydue Floral Printed Accordion Document File Folder Expanding Letter Organizer (Pink)"
    amazon_item_quantity: 1
    amazon_seller: "Skydue"
    shipped_date: 2017-03-24
  Expenses:FIXME:A                 1.83 USD
    amazon_invoice_description: "Sales Tax"
  Expenses:FIXME:B                 7.99 USD
    amazon_item_condition: "New"
    amazon_item_description: "Skydue Letter A4 Paper Expanding File Folder Pockets Accordion Document Organizer (Jade)"
    amazon_item_quantity: 1
    amazon_seller: "Skydue"
    shipped_date: 2017-03-27
  Expenses:FIXME:C                14.84 USD
    amazon_item_condition: "New"
    amazon_item_description: "Design Ideas 8758616-DI 8758616-DI Cabo LetterHolder-Copper,Copper,"
    amazon_item_quantity: 1
    amazon_seller: "Quidsi Retail LLC"
    shipped_date: 2017-03-24
  Expenses:FIXME:C                 1.37 USD
    amazon_invoice_description: "Sales Tax"
  Expenses:FIXME:D                17.95 USD
    amazon_item_condition: "New"
    amazon_item_description: "Cynthia Rowley File Folders, 3 Tab, 6 folders per package, Gold Assorted Patterns"
    amazon_item_quantity: 1
    amazon_seller: "Cailler's LLC"
    shipped_date: 2017-03-25
  Expenses:FIXME:D                14.99 USD
    amazon_item_condition: "New"
    amazon_item_description: "Suncatchers Colorful Bird Stained Glass Effect Resin Mobile - Beautiful Window Hanging - Home Decoration"
    amazon_item_quantity: 1
    amazon_seller: "That Internet Shop USA"
    shipped_date: 2017-03-25
  Expenses:FIXME:D                 1.39 USD
    amazon_invoice_description: "Sales Tax"
  Expenses:FIXME:E                12.00 USD
    amazon_item_condition: "New"
    amazon_item_description: "Rifle Paper Co. Jardin Weekly Desk Planner Notepad"
    amazon_item_quantity: 1
    amazon_seller: "Our Pampered Home"
    shipped_date: 2017-03-24
  Expenses:FIXME                 -71.06 USD
    transaction_date: 2017-03-25
  Expenses:FIXME                 -16.21 USD
    transaction_date: 2017-03-25
  Expenses:FIXME                 -12.60 USD
    transaction_date: 2017-03-27
  Expenses:FIXME                 -34.33 USD
    transaction_date: 2017-03-27
  Expenses:FIXME                 -12.00 USD
    transaction_date: 2017-03-27
  Liabilities:Amazon-Store-Card   -7.99 USD
    cleared: TRUE
    date: 2017-03-27
    transaction_date: 2017-03-28


2017-03-23 * "Amazon.com" "Order"
  amazon_order_id: "277-5312419-9119541"
  Expenses:FIXME:A                10.80 USD
    amazon_item_condition: "New"
    amazon_item_description: "C.R. Gibson 9-Count Coloring File Folders"
    amazon_item_quantity: 1
    amazon_seller: "Amazon.com LLC"
    shipped_date: 2017-03-24
  Expenses:FIXME:A                12.60 USD
    amazon_item_condition: "New"
    amazon_item_description: "MUJI Gel Ink Ballpoint Pens 0.38mm 9-colors Pack"
    amazon_item_quantity: 1
    amazon_seller: "hidamarifarm"
    shipped_date: 2017-03-24
  Expenses:FIXME:A                16.50 USD
    amazon_item_condition: "New"
    amazon_item_description: "Cynthia Rowley File Folders, 3 Tab, 6 Folders per package, Leaves Assorted Patterns"
    amazon_item_quantity: 1
    amazon_seller: "Sherry Pappas"
    shipped_date: 2017-03-24
  Expenses:FIXME:A                 8.99 USD
    amazon_item_condition: "New"
    amazon_item_description: "V&A William Morris Garden File Folder, Galison"
    amazon_item_quantity: 1
    amazon_seller: "Amazon.com LLC"
    shipped_date: 2017-03-24
  Expenses:FIXME:A                23.95 USD
    amazon_item_condition: "New"
    amazon_item_description: "Bloom Daily Planners All In One Planner, Calendar, Notebook"
    amazon_item_quantity: 1
    amazon_seller: "bloom daily planners"
    shipped_date: 2017-03-24
  Expenses:FIXME:A                 8.99 USD
    amazon_item_condition: "New"
    amazon_item_description: "Skydue Floral Printed Accordion Document File Folder Expanding Letter Organizer (Pink)"
    amazon_item_quantity: 1
    amazon_seller: "Skydue"
    shipped_date: 2017-03-24
  Expenses:FIXME:A                 1.83 USD
    amazon_invoice_description: "Sales Tax"
  Expenses:FIXME:B                 7.99 USD
    amazon_item_condition: "New"
    amazon_item_description: "Skydue Letter A4 Paper Expanding File Folder Pockets Accordion Document Organizer (Jade)"
    amazon_item_quantity: 1
    amazon_seller: "Skydue"
    shipped_date: 2017-03-27
  Expenses:FIXME:C                14.84 USD
    amazon_item_condition: "New"
    amazon_item_description: "Design Ideas 8758616-DI 8758616-DI Cabo LetterHolder-Copper,Copper,"
    amazon_item_quantity: 1
    amazon_seller: "Quidsi Retail LLC"
    shipped_date: 2017-03-24
  Expenses:FIXME:C                 1.37 USD
    amazon_invoice_description: "Sales Tax"
  Expenses:FIXME:D                17.95 USD
    amazon_item_condition: "New"
    amazon_item_description: "Cynthia Rowley File Folders, 3 Tab, 6 folders per package, Gold Assorted Patterns"
    amazon_item_quantity: 1
    amazon_seller: "Cailler's LLC"
    shipped_date: 2017-03-25
  Expenses:FIXME:D                14.99 USD
    amazon_item_condition: "New"
    amazon_item_description: "Suncatchers Colorful Bird Stained Glass Effect Resin Mobile - Beautiful Window Hanging - Home Decoration"
    amazon_item_quantity: 1
    amazon_seller: "That Internet Shop USA"
    shipped_date: 2017-03-25
  Expenses:FIXME:D                 1.39 USD
    amazon_invoice_description: "Sales Tax"
  Expenses:FIXME:E                12.00 USD
    amazon_item_condition: "New"
    amazon_item_description: "Rifle Paper Co. Jardin Weekly Desk Planner Notepad"
    amazon_item_quantity: 1
    amazon_seller: "Our Pampered Home"
    shipped_date: 2017-03-24
  Liabilities:Amazon-Store-Card  -71.06 USD
    cleared: TRUE
    date: 2017-03-24
    transaction_date: 2017-03-25
  Expenses:FIXME                 -16.21 USD
    transaction_date: 2017-03-25
  Expenses:FIXME                 -12.60 USD
    transaction_date: 2017-03-27
  Expenses:FIXME                 -34.33 USD
    transaction_date: 2017-03-27
  Expenses:FIXME                 -12.00 USD
    transaction_date: 2017-03-27
  Expenses:FIXME                  -7.99 USD
    transaction_date: 2017-03-28
