;; date: 2016-05-15
;; info: {"filename": "<testdata>/2RG4T9AJK3BT2DOV6.json", "type": "application/json"}

; features: [
;             {
;               "amount": "80.00 USD",
;               "date": "2016-05-15",
;               "key_value_pairs": {
;                 "paypal_counterparty": [
;                   "John Smith"
;                 ]
;               },
;               "source_account": ""
;             },
;             {
;               "amount": "-82.62 USD",
;               "date": "2016-05-15",
;               "key_value_pairs": {
;                 "paypal_funding_source_description": [
;                   "Debit Card"
;                 ],
;                 "paypal_funding_source_institution": [
;                   "VISA"
;                 ],
;                 "paypal_funding_source_last4": [
;                   "1234"
;                 ]
;               },
;               "source_account": ""
;             }
;           ]
2016-05-15 * "John Smith" "Money Sent - Reimbursement for something" ^paypal.2RG4T9AJK3BT2DOV6
  associated_data0: "{\"description\": \"Paypal transaction\", \"link\": \"paypal.2RG4T9AJK3BT2DOV6\", \"path\": \"<testdata>/2RG4T9AJK3BT2DOV6.html\", \"type\": \"text/html\"}"
  Expenses:Financial:Paypal:Fees    2.62 USD
  Expenses:FIXME:A                 80.00 USD
    paypal_counterparty: "John Smith"
    paypal_counterparty_email: "john.smith@example.com"
    paypal_note: "Reimbursement for something"
  Expenses:FIXME                  -82.62 USD
    paypal_funding_source_description: "Debit Card"
    paypal_funding_source_institution: "VISA"
    paypal_funding_source_last4: "1234"

;; date: 2016-11-27
;; info: {"filename": "<testdata>/Q7K91N1B9WI6F4RW6.json", "type": "application/json"}

; features: [
;             {
;               "amount": "13.00 USD",
;               "date": "2016-11-27",
;               "key_value_pairs": {
;                 "paypal_counterparty": [
;                   "eBay - abcdef (abcdef)",
;                   "eBay - abcdef (abcdef)",
;                   "eBay - abcdef (abcdef)"
;                 ],
;                 "paypal_item_name": [
;                   "Men's Jeans"
;                 ],
;                 "paypal_item_number": [
;                   "123457890123"
;                 ],
;                 "paypal_merchant_category": [
;                   "Retail",
;                   "Retail",
;                   "Retail"
;                 ]
;               },
;               "source_account": ""
;             },
;             {
;               "amount": "-41.32 USD",
;               "date": "2016-11-27",
;               "key_value_pairs": {
;                 "paypal_funding_source_description": [
;                   "Chase Visa"
;                 ],
;                 "paypal_funding_source_institution": [
;                   "VISA"
;                 ],
;                 "paypal_funding_source_last4": [
;                   "1234"
;                 ]
;               },
;               "source_account": ""
;             }
;           ]
2016-11-27 * "eBay - abcdef (abcdef)" "Payment" ^paypal.Q7K91N1B9WI6F4RW6
  associated_data0: "{\"description\": \"Paypal transaction\", \"link\": \"paypal.Q7K91N1B9WI6F4RW6\", \"path\": \"<testdata>/Q7K91N1B9WI6F4RW6.html\", \"type\": \"text/html\"}"
  Expenses:FIXME:A   25.98 USD
    paypal_counterparty: "eBay - abcdef (abcdef)"
    paypal_item_name: "Men's Jeans"
    paypal_item_number: "123457890123"
    paypal_item_quantity: 2
    paypal_item_url: "http://cgi.ebay.com/ws/eBayISAPI.dll?ViewItem&item=123457890123"
    paypal_merchant_category: "Retail"
  Expenses:FIXME:A    2.34 USD
    paypal_counterparty: "eBay - abcdef (abcdef)"
    paypal_item_type: "salesTax"
    paypal_merchant_category: "Retail"
  Expenses:FIXME:A   13.00 USD
    paypal_counterparty: "eBay - abcdef (abcdef)"
    paypal_item_type: "shippingAmount"
    paypal_merchant_category: "Retail"
  Expenses:FIXME    -41.32 USD
    paypal_funding_source_description: "Chase Visa"
    paypal_funding_source_institution: "VISA"
    paypal_funding_source_last4: "1234"

;; date: 2019-04-17
;; info: {"filename": "<testdata>/5YB777267S0246440.json", "type": "application/json"}

; features: [
;             {
;               "amount": "8.31 USD",
;               "date": "2019-04-17",
;               "key_value_pairs": {
;                 "paypal_counterparty": [
;                   "Some Business"
;                 ],
;                 "paypal_item_description": [
;                   "Tracking Number:999"
;                 ],
;                 "paypal_item_name": [
;                   "Shipped to: JANE DOE"
;                 ]
;               },
;               "source_account": ""
;             }
;           ]
2019-04-17 * "Some Business" "Invoice paid" ^paypal.5YB777267S0246440
  associated_data0: "{\"description\": \"Paypal transaction\", \"link\": \"paypal.5YB777267S0246440\", \"path\": \"<testdata>/5YB777267S0246440.html\", \"type\": \"text/html\"}"
  Expenses:FIXME:A   8.31 USD
    paypal_counterparty: "Some Business"
    paypal_counterparty_url: "http://www.example.com"
    paypal_item_description: "Tracking Number:999"
    paypal_item_name: "Shipped to: JANE DOE"
  Assets:Paypal     -8.31 USD
    date: 2019-04-17
    paypal_transaction_id: "5YB777267S0246440"

;; date: 2019-08-26
;; info: {"filename": "<testdata>/5Y903271C7730840Z.json", "type": "application/json"}

; features: [
;             {
;               "amount": "-11.95 USD",
;               "date": "2019-08-26",
;               "key_value_pairs": {
;                 "paypal_counterparty": [
;                   "eBay - John Doe (john_doe)",
;                   "eBay - John Doe (john_doe)"
;                 ],
;                 "paypal_item_name": [
;                   "Dungeons & Dragons 3.5 Core Books: DM Guide, Players Handbook, Monster Manual"
;                 ],
;                 "paypal_item_number": [
;                   "233315823254"
;                 ]
;               },
;               "source_account": ""
;             }
;           ]
2019-08-26 * "eBay - John Doe (john_doe)" "Payment Received" ^paypal.5Y903271C7730840Z
  associated_data0: "{\"description\": \"Paypal transaction\", \"link\": \"paypal.5Y903271C7730840Z\", \"path\": \"<testdata>/5Y903271C7730840Z.html\", \"type\": \"text/html\"}"
  Expenses:Financial:Paypal:Fees    2.50 USD
  Expenses:FIXME:A                -64.00 USD
    paypal_counterparty: "eBay - John Doe (john_doe)"
    paypal_item_name: "Dungeons & Dragons 3.5 Core Books: DM Guide, Players Handbook, Monster Manual"
    paypal_item_number: "233315823254"
    paypal_item_url: "http://cgi.ebay.com/ws/eBayISAPI.dll?ViewItem&item=999"
  Expenses:FIXME:A                -11.95 USD
    paypal_counterparty: "eBay - John Doe (john_doe)"
    paypal_item_type: "shippingAmount"
  Assets:Paypal                    73.45 USD
    date: 2019-08-26
    paypal_transaction_id: "5Y903271C7730840Z"

;; date: 2020-09-14
;; info: {"filename": "<testdata>/5GS66998X92750532.json", "type": "application/json"}

; features: [
;             {
;               "amount": "-30.00 USD",
;               "date": "2020-09-14",
;               "key_value_pairs": {
;                 "paypal_counterparty": [
;                   "eBay - Counterparty Co.",
;                   "eBay - Counterparty Co."
;                 ],
;                 "paypal_item_name": [
;                   "Harry Potter"
;                 ],
;                 "paypal_item_number": [
;                   "124066610329"
;                 ]
;               },
;               "source_account": ""
;             }
;           ]
2020-09-14 * "eBay - Counterparty Co." "Payment Received" ^paypal.5GS66998X92750532
  associated_data0: "{\"description\": \"Paypal transaction\", \"link\": \"paypal.5GS66998X92750532\", \"path\": \"<testdata>/5GS66998X92750532.html\", \"type\": \"text/html\"}"
  Expenses:Financial:Paypal:Fees    1.47 USD
  Expenses:FIXME:A                -10.50 USD
    paypal_counterparty: "eBay - Counterparty Co."
    paypal_item_name: "Harry Potter"
    paypal_item_number: "124066610329"
    paypal_item_url: "http://cgi.ebay.com/ebaymotors/ws/eBayISAPI.dll?ViewItem&item=124066610329"
  Expenses:FIXME:A                -30.00 USD
    paypal_counterparty: "eBay - Counterparty Co."
    paypal_item_type: "shippingAmount"
  Assets:Paypal                    39.03 USD
    date: 2020-09-14
    paypal_transaction_id: "5GS66998X92750532"
